<?xml version="1.0" encoding="UTF-8"?><collection xmlns="http://www.loc.gov/MARC21/slim"><record><leader>00371nam--2200133-i-4500</leader><controlfield tag="001">000044128</controlfield><controlfield tag="002">20161230</controlfield><controlfield tag="005">20161230201044</controlfield><controlfield tag="008">060222s1000------------r-----000-0-eng-d</controlfield><datafield ind1=" " ind2=" " tag="080"><subfield code="a">517.947.4:53.02</subfield></datafield><datafield ind1=" " ind2=" " tag="100"><subfield code="a">Teodorescu, Nicolae</subfield></datafield><datafield ind1=" " ind2=" " tag="245"><subfield code="a">Ecuatiile fizicii matematice</subfield></datafield><datafield ind1=" " ind2=" " tag="260"><subfield code="a">Bucuresti, 1951</subfield></datafield><datafield ind1=" " ind2=" " tag="490"><subfield code="a">Universitatea C.I.Parhon. Facultatea De Matematici Si Fizica</subfield></datafield></record></collection>